<record><leader>00000cas a22000007a 4500</leader><controlfield tag="001">13035609</controlfield><controlfield tag="008">860117d185u1858gauwr ne      0    0eng d</controlfield><datafield ind1=" " ind2=" " tag="010"><subfield code="a">sn 86053045 </subfield></datafield><datafield ind1=" " ind2=" " tag="040"><subfield code="a">NPX</subfield><subfield code="b">eng</subfield><subfield code="c">NPX</subfield><subfield code="d">NPA</subfield><subfield code="d">NLG</subfield><subfield code="d">GUA</subfield><subfield code="d">OCLCQ</subfield><subfield code="d">OCLCF</subfield><subfield code="d">OCLCO</subfield><subfield code="d">OCLCA</subfield></datafield><datafield ind1="1" ind2=" " tag="029"><subfield code="a">AU@</subfield><subfield code="b">000025785383</subfield></datafield><datafield ind1=" " ind2=" " tag="042"><subfield code="a">msc</subfield></datafield><datafield ind1=" " ind2=" " tag="043"><subfield code="a">n-us-ga</subfield></datafield><datafield ind1="0" ind2="4" tag="245"><subfield code="a">The Weekly times &amp; sentinel.</subfield></datafield><datafield ind1="1" ind2="3" tag="246"><subfield code="a">Weekly times and sentinel</subfield></datafield><datafield ind1=" " ind2=" " tag="260"><subfield code="a">Columbus, Ga. :</subfield><subfield code="b">Lomax &amp; Ellis,</subfield><subfield code="c">-1858.</subfield></datafield><datafield ind1=" " ind2=" " tag="300"><subfield code="a">v.</subfield></datafield><datafield ind1=" " ind2=" " tag="310"><subfield code="a">Weekly</subfield></datafield><datafield ind1="0" ind2=" " tag="362"><subfield code="a">-v. 18, no. 34 (Aug. 31, 1858).</subfield></datafield><datafield ind1=" " ind2=" " tag="530"><subfield code="a">Also on microfilm: Athens, Ga. : University of Georgia Libraries.</subfield></datafield><datafield ind1=" " ind2=" " tag="580"><subfield code="a">Published concurrently with: Tri-weekly times and sentinel, 185u-1854, and: Times and sentinel (Columbus, Ga.), 1854, and: Times &amp; sentinel tri-weekly, 1855-1858.</subfield></datafield><datafield ind1=" " ind2=" " tag="580"><subfield code="a">Formed by the union of: Columbus times (Columbus, Ga.: 1841), and: Southern sentinel (Columbus, Ga.).</subfield></datafield><datafield ind1=" " ind2=" " tag="588"><subfield code="a">Description based on: Vol. 13, no. 2 (Jan. 11, 1853).</subfield></datafield><datafield ind1=" " ind2="0" tag="651"><subfield code="a">Columbus (Ga.)</subfield><subfield code="v">Newspapers.</subfield></datafield><datafield ind1=" " ind2="0" tag="651"><subfield code="a">Muscogee County (Ga.)</subfield><subfield code="v">Newspapers.</subfield></datafield><datafield ind1=" " ind2="7" tag="655"><subfield code="a">Newspapers.</subfield><subfield code="2">fast</subfield><subfield code="0">(OCoLC)fst01423814</subfield></datafield><datafield ind1=" " ind2="7" tag="651"><subfield code="a">Georgia</subfield><subfield code="z">Columbus.</subfield><subfield code="2">fast</subfield><subfield code="0">(OCoLC)fst01214575</subfield></datafield><datafield ind1=" " ind2="7" tag="651"><subfield code="a">Georgia</subfield><subfield code="z">Muscogee County.</subfield><subfield code="2">fast</subfield><subfield code="0">(OCoLC)fst01216552</subfield></datafield><datafield ind1=" " ind2=" " tag="752"><subfield code="a">United States</subfield><subfield code="b">Georgia</subfield><subfield code="c">Muscogee</subfield><subfield code="d">Columbus.</subfield></datafield><datafield ind1="1" ind2=" " tag="775"><subfield code="t">Tri-weekly times and sentinel</subfield><subfield code="w">(DLC)sn 89053814</subfield><subfield code="w">(OCoLC)21583961</subfield></datafield><datafield ind1="1" ind2=" " tag="775"><subfield code="t">Times and sentinel (Columbus, Ga.)</subfield><subfield code="w">(DLC)sn 88067027</subfield><subfield code="w">(OCoLC)17425165</subfield></datafield><datafield ind1="1" ind2=" " tag="775"><subfield code="t">Times &amp; sentinel tri-weekly</subfield><subfield code="w">(DLC)sn 89053817</subfield><subfield code="w">(OCoLC)21583887</subfield></datafield><datafield ind1="1" ind2="4" tag="780"><subfield code="t">Columbus times (Columbus, Ga. : 1841)</subfield><subfield code="w">(DLC)sn 82014935</subfield><subfield code="w">(OCoLC)8805118</subfield></datafield><datafield ind1="1" ind2="4" tag="780"><subfield code="t">Southern sentinel (Columbus, Ga.)</subfield><subfield code="w">(DLC)sn 82015296</subfield><subfield code="w">(OCoLC)8805125</subfield></datafield><datafield ind1="0" ind2="0" tag="785"><subfield code="t">Columbus weekly times (Columbus, Ga. : 1858)</subfield><subfield code="w">(DLC)sn 85034034</subfield><subfield code="w">(OCoLC)12377731</subfield></datafield></record>